@misc{hid-sp18-518-FoundationBenchmarks,
    author = {Amazon Web Services},
    title = {AWS Foundation Benchmarks},
    year = 2018,
    url = {https://aws.amazon.com/blogs/security/announcing-industry-best-practices-for-securing-aws-resources/}
}

@misc{hid-sp18-518-CloudWatch,
    author = {Amazon Web Services},
    title = {AWS CloudWatch Monitoring},
    year = 2018,
    url = {https://aws.amazon.com/cloudwatch/}
}


