@Inbook{hid-sp18-518-Petcu-Vasi,
    author = {D. Petcu and A. Vasilakos},
    title = {Portability in Clouds: Approaches and
  Research Opportunities},
    year = 2014,
    url = {https://scpe.org/index.php/scpe/}
}

@Inbook{hid-sp18-518-Cloud-Council,
    author = {Cloud Security Council},
    title = {Interoperability and Portability for
  Cloud Computing},
    year = 2017,
    url = {http://www.cloud-council.org/deliverables/CSCC-Interoperability-and-Portability-for-Cloud-Computing-A-Guide.pdf}
}

@Inbook{hid-sp18-518-Kostoska-Gusev-Ristov,
    author = {M. Kostoska, M. Gusev and S. Ristov},
    title = {A New Cloud Services
  Portability Platform},
    year = 2014,
    url = {https://doi.org/10.1016/j.proeng.2014.03.118}
}

@Inbook{hid-sp18-518-NIST,
    author = {L. Badger, D. Bernstein, R. Bohn, F. de Vaulx, M. Hogan, M. Iorga, J.
  Mao, J. Messina, K. Mills, E. Simmon, A. Sokol, J. Tong, F. Whiteside
  and D. Leaf},
    title = {High-Priority Requirements to Further USG Agency
  Cloud Computing Adoption},
    year = 2014,
    url = {https://dx.doi.org/10.6028/NIST.SP.500-293}
}

@Inbook{hid-sp18-518-LibCloud,
    author = {Apache},
    title = {Apache LibCloud},
    year = 2018,
    url = {https://libcloud.readthedocs.io/en/latest/index.html}
}
