@Inbook{hid-sp18-518-CloudTrail-user-guide,
    author = {Amazon Web Services},
    title = {AWS CloudTrail user guide},
    year = 2018,
    url = {https://docs.aws.amazon.com/awscloudtrail/latest/userguide/cloudtrail-user-guide.html}
}

@Inbook{hid-sp18-518-CloudTrail,
    author = {Amazon Web Services},
    title = {AWS CloudTrail logging service},
    year = 2018,
    url = {https://aws.amazon.com/cloudtrail/}
}

@Inbook{hid-sp18-518-CloudTrail-global-events,
    author = {Amazon Web Services},
    title = {AWS CloudTrail Global Service Events},
    year = 2018,
    url = {https://docs.aws.amazon.com/awscloudtrail/latest/userguide/cloudtrail-concepts.html#cloudtrail-concepts-global-service-events}
}

@Inbook{hid-sp18-518-CloudTrail-log-example,
    author = {Amazon Web Services},
    title = {AWS CloudTrail Log File Examples},
    year = 2018,
    url = {https://docs.aws.amazon.com/awscloudtrail/latest/userguide/cloudtrail-log-file-examples.html}
}

